@Article{ theory,
AUTHOR="Fudan University",
TITLE="A Physical Pendulum With Damping Due to Sliding Friction",
PUBLISHER="Fudan University",
}

@Book{ feynman,
Author = "Richard Feynman",
Title = "The Feynman Lectures on Physics",
Publisher = "Pearson",
Year = "1963",
}
